<?xml version="1.0" encoding="UTF-8"?>
<record xmlns="http://www.loc.gov/MARC21/slim" xmlns:xsi="http://www.w3.org/2001/XMLSchema-instance" xsi:schemaLocation="http://www.loc.gov/MARC21/slim http://www.loc.gov/standards/marcxml/schema/MARC21slim.xsd">
<leader>00000cam a22      a 4500</leader>
<controlfield tag="001">002749491</controlfield>
<controlfield tag="003">NNU</controlfield>
<controlfield tag="005">20150622172420.0</controlfield>
<controlfield tag="008">960927s1954    ua            000 0 ara d</controlfield>
<datafield tag="035" ind1=" " ind2=" ">
<subfield code="a">(OCoLC)36053264</subfield>
</datafield>
<datafield tag="040" ind1=" " ind2=" ">
<subfield code="a">TEU</subfield>
<subfield code="b">eng</subfield>
<subfield code="c">TEU</subfield>
<subfield code="d">OCL</subfield>
<subfield code="d">OCLCF</subfield>
<subfield code="d">OCLCQ</subfield>
<subfield code="d">OCLCO</subfield>
</datafield>
<datafield tag="050" ind1=" " ind2="4">
<subfield code="a">BP166.4</subfield>
<subfield code="b">.T534 1954</subfield>
</datafield>
<datafield tag="100" ind1="1" ind2=" ">
<subfield code="a">Thaʻlabī, Aḥmad ibn Muḥammad,</subfield>
<subfield code="d">-1035.</subfield>
</datafield>
<datafield tag="240" ind1="1" ind2="0">
<subfield code="6">880-01</subfield>
<subfield code="a">ʻArāʻis al-majālis fī qiṣaṣ al-anbiyāʼ,</subfield>
<subfield code="d">-1035.</subfield>
</datafield>
<datafield tag="245" ind1="1" ind2="0">
<subfield code="6">880-02</subfield>
<subfield code="a">Qiṣaṣ al-anbiyāʼ, al-musammā, ʻArāʼis al-majālis /</subfield>
<subfield code="c">taʼlīf Abī Isḥāq Aḥmad ibn Muḥammad ibn Ibrāhīm al-Nīsābūrī al-maʻrūf bil-Thaʻlabī.</subfield>
</datafield>
<datafield tag="250" ind1=" " ind2=" ">
<subfield code="6">880-03</subfield>
<subfield code="a">al-Ṭabʻah 4.</subfield>
</datafield>
<datafield tag="260" ind1=" " ind2=" ">
<subfield code="6">880-04</subfield>
<subfield code="a">Miṣr :</subfield>
<subfield code="b">Muṣṭafá al-Bābī al-Ḥalabī,</subfield>
<subfield code="c">1954.</subfield>
</datafield>
<datafield tag="300" ind1=" " ind2=" ">
<subfield code="a">452 pages ;</subfield>
<subfield code="c">24 cm</subfield>
</datafield>
<datafield tag="336" ind1=" " ind2=" ">
<subfield code="a">text</subfield>
<subfield code="b">txt</subfield>
<subfield code="2">rdacontent</subfield>
</datafield>
<datafield tag="337" ind1=" " ind2=" ">
<subfield code="a">unmediated</subfield>
<subfield code="b">n</subfield>
<subfield code="2">rdamedia</subfield>
</datafield>
<datafield tag="338" ind1=" " ind2=" ">
<subfield code="a">volume</subfield>
<subfield code="b">nc</subfield>
<subfield code="2">rdacarrier</subfield>
</datafield>
<datafield tag="650" ind1=" " ind2="0">
<subfield code="a">Prophets, Pre-Islamic.</subfield>
</datafield>
<datafield tag="650" ind1=" " ind2="7">
<subfield code="a">Prophets, Pre-Islamic.</subfield>
<subfield code="2">fast</subfield>
<subfield code="0">(OCoLC)fst01079226</subfield>
</datafield>
<datafield tag="880" ind1="1" ind2="0">
<subfield code="6">240-01/</subfield>
<subfield code="a">عراعس المجالس في قصص الانبياء</subfield>
</datafield>
<datafield tag="880" ind1="1" ind2="0">
<subfield code="6">245-02/</subfield>
<subfield code="a">قصص الانبياء، المسمى، عرائس المجالس /</subfield>
<subfield code="c">تأليف ابي اسحاق احمد بن محمد بن ابراهيم النيسابوري المعروف بلثعلبي.</subfield>
</datafield>
<datafield tag="880" ind1=" " ind2=" ">
<subfield code="6">250-03/</subfield>
<subfield code="a">الطبعة 4.</subfield>
</datafield>
<datafield tag="880" ind1=" " ind2=" ">
<subfield code="6">260-04/</subfield>
<subfield code="a">مصر :</subfield>
<subfield code="b">مصطفى البابي الحلبي،</subfield>
<subfield code="c">1954.</subfield>
</datafield>
<datafield tag="OWN" ind1=" " ind2=" ">
<subfield code="a">GENERAL</subfield>
</datafield>
<datafield tag="AVA" ind1=" " ind2=" ">
<subfield code="a">NYU50</subfield>
<subfield code="b">BOBST</subfield>
<subfield code="c">Main Collection</subfield>
<subfield code="d">BP166.4 .T5 1954</subfield>
<subfield code="e">unavailable</subfield>
<subfield code="t">Unavailable</subfield>
<subfield code="f">1</subfield>
<subfield code="g">1</subfield>
<subfield code="h">N</subfield>
<subfield code="i">2</subfield>
<subfield code="j">MAIN</subfield>
<subfield code="k">0</subfield>
</datafield>
</record>
